@article{Lodhi2002,
    author = {Huma Lodhi and Craig Saunders and John Shawe-Taylor and Nello Cristianini and Christopher J. C. H. Watkins},
    journal = {Journal of Machine Learning Research},
    pages = {419-444},
    title = {Text Classification using String Kernels},
    volume = {2},
    year = {2002},
    HTTP = {http://www.jmlr.org/papers/v2/lodhi02a.html}
 }
 
 @article{joachims1998text,
  title={Text categorization with support vector machines: Learning with many relevant features},
  author={Joachims, Thorsten},
  journal={Machine learning: ECML-98},
  pages={137--142},
  year={1998},
  publisher={Springer}
}
